<record><leader>00000cas a22000007a 4500</leader><controlfield tag="001">21258935</controlfield><controlfield tag="008">900323d19491979couwr ne      0    0eng d</controlfield><datafield ind1=" " ind2=" " tag="010"><subfield code="a">sn 90051163 </subfield></datafield><datafield ind1=" " ind2=" " tag="040"><subfield code="a">CNQ</subfield><subfield code="b">eng</subfield><subfield code="c">CNQ</subfield><subfield code="d">DAD</subfield><subfield code="d">OCLCQ</subfield><subfield code="d">OCLCF</subfield><subfield code="d">OCLCO</subfield></datafield><datafield ind1="1" ind2=" " tag="029"><subfield code="a">AU@</subfield><subfield code="b">000025850507</subfield></datafield><datafield ind1=" " ind2=" " tag="042"><subfield code="a">msc</subfield></datafield><datafield ind1=" " ind2=" " tag="043"><subfield code="a">n-us-co</subfield></datafield><datafield ind1="0" ind2=" " tag="130"><subfield code="a">Douglas County news (Castle Rock, Colo. : 1949)</subfield></datafield><datafield ind1="1" ind2="0" tag="245"><subfield code="a">Douglas County news.</subfield></datafield><datafield ind1="3" ind2="0" tag="246"><subfield code="a">News of Douglas County</subfield></datafield><datafield ind1="3" ind2="0" tag="246"><subfield code="a">Home town Douglas County news</subfield></datafield><datafield ind1="3" ind2="0" tag="246"><subfield code="a">Douglas County home town news</subfield></datafield><datafield ind1=" " ind2=" " tag="260"><subfield code="a">Castle Rock, Colo. :</subfield><subfield code="b">Ray E. Mohler</subfield></datafield><datafield ind1=" " ind2=" " tag="300"><subfield code="a">v.</subfield></datafield><datafield ind1=" " ind2=" " tag="310"><subfield code="a">Weekly</subfield></datafield><datafield ind1="1" ind2=" " tag="362"><subfield code="a">Began in 1949?</subfield></datafield><datafield ind1="0" ind2=" " tag="362"><subfield code="a">-v. 16, no. 7 (Nov. 25, 1965) ; 16th year, no. 8 (Dec. 2, 1965)-25th year, no. 40 (June 30, 1977) ; 85th year, no. 41 (July 7, 1977)-87th year, no. 25 (Mar. 15, 1979).</subfield></datafield><datafield ind1=" " ind2=" " tag="500"><subfield code="a">Published as: News of Douglas County, [Jan. 31, 1963]-Feb. 14, 1963; Home town Douglas County news, Feb. 28, 1963-[May 2, 1963], and: Douglas County home town news, [July 2, 1963]-Oct. 21, 1965.</subfield></datafield><datafield ind1=" " ind2=" " tag="530"><subfield code="a">Available on microfilm from the Colorado Historical Society.</subfield></datafield><datafield ind1=" " ind2=" " tag="588"><subfield code="a">Description based on: Vol. 7, no. 26 (Apr. 18, 1957).</subfield></datafield><datafield ind1="2" ind2="0" tag="610"><subfield code="a">Douglas County History Research Center (Colo.)</subfield></datafield><datafield ind1=" " ind2="0" tag="651"><subfield code="a">Douglas County (Colo.)</subfield><subfield code="v">Newspapers.</subfield></datafield><datafield ind1=" " ind2="0" tag="651"><subfield code="a">Colorado</subfield><subfield code="x">History.</subfield></datafield><datafield ind1=" " ind2="0" tag="651"><subfield code="a">Douglas County (Colo.)</subfield><subfield code="x">History.</subfield></datafield><datafield ind1=" " ind2="7" tag="655"><subfield code="a">History.</subfield><subfield code="2">fast</subfield><subfield code="0">(OCoLC)fst01411628</subfield></datafield><datafield ind1=" " ind2="7" tag="655"><subfield code="a">Newspapers.</subfield><subfield code="2">fast</subfield><subfield code="0">(OCoLC)fst01423814</subfield></datafield><datafield ind1="2" ind2="7" tag="610"><subfield code="a">Douglas County History Research Center (Colo.)</subfield><subfield code="2">fast</subfield><subfield code="0">(OCoLC)fst01640199</subfield></datafield><datafield ind1=" " ind2="7" tag="651"><subfield code="a">Colorado.</subfield><subfield code="2">fast</subfield><subfield code="0">(OCoLC)fst01210251</subfield></datafield><datafield ind1=" " ind2="7" tag="651"><subfield code="a">Colorado</subfield><subfield code="z">Douglas County.</subfield><subfield code="2">fast</subfield><subfield code="0">(OCoLC)fst01225782</subfield></datafield><datafield ind1=" " ind2=" " tag="752"><subfield code="a">United States</subfield><subfield code="b">Colorado</subfield><subfield code="c">Douglas</subfield><subfield code="d">Castle Rock.</subfield></datafield><datafield ind1="0" ind2="7" tag="785"><subfield code="t">Wednesday press</subfield><subfield code="w">(DLC)sn 90051178</subfield></datafield><datafield ind1="0" ind2="7" tag="785"><subfield code="t">Douglas County news-press</subfield><subfield code="w">(DLC)sn 82007863</subfield></datafield></record>